<?xml version="1.0" encoding="UTF-8"?><collection xmlns="http://www.loc.gov/MARC21/slim"><record><leader>00452nam--2200181-u-4500</leader><controlfield tag="001">000055938</controlfield><controlfield tag="002">20161230</controlfield><controlfield tag="005">20161230201052</controlfield><controlfield tag="008">130827s1000------------r-----000-0-rus-d</controlfield><datafield ind1=" " ind2=" " tag="040"><subfield code="a">IFIN-HH</subfield></datafield><datafield ind1=" " ind2=" " tag="041"><subfield code="a">rus</subfield></datafield><datafield ind1=" " ind2=" " tag="080"><subfield code="a">524.7</subfield></datafield><datafield ind1="1" ind2=" " tag="100"><subfield code="a">Gorbatkii, V.G</subfield></datafield><datafield ind1="1" ind2="0" tag="245"><subfield code="a">Vvedenie v fiziku galaktik i skoplenii galaktik</subfield><subfield code="c">V.g. gorbatkii</subfield></datafield><datafield ind1=" " ind2=" " tag="260"><subfield code="a">Moskva</subfield><subfield code="b">Nauka</subfield><subfield code="c">1986</subfield></datafield><datafield ind1=" " ind2=" " tag="300"><subfield code="a">253P</subfield></datafield><datafield ind1=" " ind2=" " tag="852"><subfield code="a">73988</subfield><subfield code="c">521/522</subfield></datafield><datafield ind1=" " ind2=" " tag="CAT"><subfield code="a">Sys</subfield><subfield code="c">20130827</subfield><subfield code="h">125812</subfield></datafield></record></collection>